<record><leader>00000cas a22000007a 4500</leader><controlfield tag="001">16439970</controlfield><controlfield tag="008">870812d18791955iauwr ne      0    0eng d</controlfield><datafield ind1=" " ind2=" " tag="010"><subfield code="a">sn 87057805 </subfield></datafield><datafield ind1=" " ind2=" " tag="040"><subfield code="a">INP</subfield><subfield code="b">eng</subfield><subfield code="c">INP</subfield><subfield code="d">OCLCQ</subfield></datafield><datafield ind1=" " ind2=" " tag="042"><subfield code="a">msc</subfield></datafield><datafield ind1="0" ind2="0" tag="245"><subfield code="a">Clear Lake mirror.</subfield></datafield><datafield ind1=" " ind2=" " tag="260"><subfield code="a">Clear Lake, Iowa :</subfield><subfield code="b">Cooley &amp; Asplin,</subfield><subfield code="c">-1955.</subfield></datafield><datafield ind1=" " ind2=" " tag="300"><subfield code="a">v.</subfield></datafield><datafield ind1=" " ind2=" " tag="310"><subfield code="a">Weekly</subfield></datafield><datafield ind1="1" ind2=" " tag="362"><subfield code="a">Began in 1879.</subfield></datafield><datafield ind1="0" ind2=" " tag="362"><subfield code="a">-v. 85, no. 49 (Jan. 4, 1955).</subfield></datafield><datafield ind1=" " ind2=" " tag="500"><subfield code="a">Publisher varies.</subfield></datafield><datafield ind1=" " ind2=" " tag="588"><subfield code="a">Description based on: Vol. 23, no. 49 (Jan. 5, 1893).</subfield></datafield><datafield ind1=" " ind2=" " tag="752"><subfield code="a">United States</subfield><subfield code="b">Iowa</subfield><subfield code="c">Cerro Gordo</subfield><subfield code="d">Clear Lake.</subfield></datafield><datafield ind1="0" ind2="0" tag="780"><subfield code="t">Clear Lake observer</subfield><subfield code="w">(DLC)sn 84038077</subfield></datafield><datafield ind1="0" ind2="7" tag="785"><subfield code="t">Clear Lake reporter (Clear Lake, Iowa : 1896)</subfield><subfield code="w">(DLC)sn 87057732</subfield></datafield><datafield ind1="0" ind2="7" tag="785"><subfield code="t">Clear Lake mirror-reporter</subfield><subfield code="w">(DLC)sn 87057806</subfield></datafield></record>